@article{Li_TIP08,
  author       = {C. Li and C. Xu and C. Gui and M. D. Fox},
  title       = {Distance Regularized Level Set Evolution and its Application to Image Segmentation},
  journal     = {IEEE Trans. Image Process.},
  volume      = {19},
  number      = {12},
  pages       = {3243--3254},
  month       = {December},
  year        = {2010},
}
